@online{namingConv,
	url={https://dev.to/prahladyeri/underscores-camelcasing-and-pascalcasing-the-three-naming-conventions-every-programmer-should-be-aware-of-3aed},
	title= {under_scores, camelCase and PascalCase - The three naming conventions every programmer should be aware of},
	month={06},
	year={2019},
	urldate={2021/03/13},
	language={InglÃªs},
	author={Prahlad Yeri}
}