@book{modernWeb,
  author    = {Filipe Portela e Ricardo Queirós},
  title     = {Introdução ao Desenvolvimento Moderno para Web},
  subtitle  = {Do front-end ao back-end: uma visão global!},
  publisher = {FCA},
  isbn      = {978-972-722-897-3},
  year      = {2018},
  language  = {Português}
}

@online{namingConvention,
  url      = {https://dev.to/prahladyeri/underscores-camelcasing-and-pascalcasing-the-three-naming-conventions-every-programmer-should-be-aware-of-3aed},
  language = {Inglês},
  title    = {under\_scores, camelCase and PascalCase - The three naming conventions every programmer should be aware of},
  month    = {07},
  year     = {2019},
  urldate  = {2021-03-13},
  author   = {Prahlad Yeri}
}